<?xml version="1.0" encoding="UTF-8"?><record xmlns="http://www.loc.gov/MARC21/slim" xmlns:cinclude="http://apache.org/cocoon/include/1.0" xmlns:zs="http://www.loc.gov/zing/srw/">
  <leader>00773cz  a2200217n  4500</leader>
  <controlfield tag="001">n  83025920 </controlfield>
  <controlfield tag="003">DLC</controlfield>
  <controlfield tag="005">20081221205016.0</controlfield>
  <controlfield tag="008">830409n| acannaabn          |a aaa      </controlfield>
  <datafield tag="010" ind1=" " ind2=" ">
    <subfield code="a">n  83025920 </subfield>
  </datafield>
  <datafield tag="035" ind1=" " ind2=" ">
    <subfield code="a">(OCoLC)oca00917638</subfield>
  </datafield>
  <datafield tag="040" ind1=" " ind2=" ">
    <subfield code="a">DLC</subfield>
    <subfield code="b">eng</subfield>
    <subfield code="c">DLC</subfield>
    <subfield code="d">OCoLC</subfield>
  </datafield>
  <datafield tag="100" ind1="1" ind2=" ">
    <subfield code="a">Kholodnyĭ, N. G.</subfield>
    <subfield code="q">(Nikolaĭ Grigorʹevich),</subfield>
    <subfield code="d">1882-1953</subfield>
  </datafield>
  <datafield tag="400" ind1="1" ind2=" ">
    <subfield code="w">nna</subfield>
    <subfield code="a">Kholodnyĭ, Nikolaĭ Grigorʹevich,</subfield>
    <subfield code="d">1882-1953</subfield>
  </datafield>
  <datafield tag="400" ind1="1" ind2=" ">
    <subfield code="a">Cholodnij, Nikolaj G.,</subfield>
    <subfield code="d">1882-1953</subfield>
  </datafield>
  <datafield tag="400" ind1="1" ind2=" ">
    <subfield code="a">Kholodnyĭ, Myscola,</subfield>
    <subfield code="d">1882-1953</subfield>
  </datafield>
  <datafield tag="400" ind1="1" ind2=" ">
    <subfield code="a">Cholodny, N.,</subfield>
    <subfield code="d">1882-1953</subfield>
  </datafield>
  <datafield tag="400" ind1="1" ind2=" ">
    <subfield code="a">Cholodnyj, M.,</subfield>
    <subfield code="d">1882-1953</subfield>
  </datafield>
  <datafield tag="400" ind1="1" ind2=" ">
    <subfield code="a">Cholodny, Nikolaus G.,</subfield>
    <subfield code="d">1882-1953</subfield>
  </datafield>
  <datafield tag="400" ind1="1" ind2=" ">
    <subfield code="a">Kholodnyĭ, M. G.,</subfield>
    <subfield code="d">1882-1953</subfield>
  </datafield>
  <datafield tag="670" ind1=" " ind2=" ">
    <subfield code="a">Akademii︠a︡ nauk URSR, Kiev. Pryrodnychotekhnichnyĭ viddil. Zapiski ... 1931-</subfield>
  </datafield>
</record>